<record><leader>00000cas a22000007a 4500</leader><controlfield tag="001">10291397</controlfield><controlfield tag="008">840112d18701889pauwr ne      0    0eng d</controlfield><datafield ind1=" " ind2=" " tag="010"><subfield code="a">sn 84026041 </subfield></datafield><datafield ind1=" " ind2=" " tag="040"><subfield code="a">NPU</subfield><subfield code="b">eng</subfield><subfield code="c">NPU</subfield><subfield code="d">NPX</subfield><subfield code="d">NPH</subfield><subfield code="d">OCLCQ</subfield></datafield><datafield ind1=" " ind2=" " tag="042"><subfield code="a">msc</subfield></datafield><datafield ind1="0" ind2="0" tag="245"><subfield code="a">Lawrence guardian.</subfield></datafield><datafield ind1=" " ind2=" " tag="260"><subfield code="a">New Castle, Pa. :</subfield><subfield code="b">Dill, Platt &amp; Co.,</subfield><subfield code="c">1870-1889.</subfield></datafield><datafield ind1=" " ind2=" " tag="300"><subfield code="a">v. ;</subfield><subfield code="c">66 cm.</subfield></datafield><datafield ind1=" " ind2=" " tag="310"><subfield code="a">Weekly</subfield></datafield><datafield ind1="0" ind2=" " tag="362"><subfield code="a">Vol. 1, no. 1 (Aug. 9, 1870)-v. 19, no. 31 (Feb. 28, 1889) = -whole no. 941.</subfield></datafield><datafield ind1=" " ind2=" " tag="500"><subfield code="a">Publishers: Platt, &lt;1872&gt;; Geo. W. McCracken &amp; Co., &lt;1873&gt;; George W. McCracken, &lt;1876&gt;.</subfield></datafield><datafield ind1=" " ind2=" " tag="500"><subfield code="a">"Republican," &lt;1876&gt;.</subfield></datafield><datafield ind1=" " ind2=" " tag="500"><subfield code="a">Editor: George W. McCracken, &lt;1876&gt;.</subfield></datafield><datafield ind1=" " ind2=" " tag="752"><subfield code="a">United States</subfield><subfield code="b">Pennsylvania</subfield><subfield code="c">Lawrence</subfield><subfield code="d">New Castle.</subfield></datafield><datafield ind1="0" ind2="0" tag="785"><subfield code="t">Guardian (New Castle, Pa.)</subfield><subfield code="w">(DLC)sn 87080548</subfield></datafield><datafield ind1="1" ind2=" " tag="029"><subfield code="a">AU@</subfield><subfield code="b">000025839423</subfield></datafield></record>